%% Created for Juri Steblau at 2011
%%%%%%%%%%%%%%%%%%%%%%%%%%%%%%%%%%%%%%%%%%%%%%%%%%%%%%%%%%%%%%%%%%%%%%%%%%%%%%%%
%                                      Thesis
@mastersthesis{caro,
	Author = {Caroline Möller},
	Title = {{Spezifikation und Simulation einer Kältelast mit Kältespeicher
		im Energieversorgungsnetz}},
	School = {{Technische Universität Berlin}},
	type = {Diplomarbeit},
	Address = {{Berlin}},
	Year = {2010},
	Month = {Juli}
}
@phdthesis{doctor,
	title = {{Energy Usage in Supermarkets - Modelling und Field
		Measurements}},
	author = "Arias, Jaime",
	School = {{Royal Institute of Technology}},
	publisher = {"KTH"},
	address = "KTH, Energy Technology ; Stockholm",
	year = "2005",
	type = "text",
	howpublished = "Buch",
	keywords = "Supermarket ; Energy Performance ; System Analysis ;
		Modelling ; Simulation ; Field Measurements ; Refrigeration
		Systems ; Indirect Systems ; Heat Recovery ; Floating
		Condensing ; TEWI ; LCC. ; NATURAL SCIENCES ; NATURVETENSKAP",
	url = "http://urn.kb.se/resolve?urn=urn:nbn:se:kth:diva-217",
}
@book{prognose_doctor,
	title = "Optimierte Betriebsführung von Windenergieanlagen durch
		Energiespeicher Elektronische Ressource",
	author = "Völler, Steve",
	publisher = "Universitätsbibliothek Wuppertal",
	address = "Wuppertal",
	year = "2010",
	type = "electronic",
	howpublished = "Elektronisch",
	url = "http://elpub.bib.uni-wuppertal.de/edocs/dokumente/fbe/elektrotechnik/diss2009/voeller/de0906.pdf; http://d-nb.info/100026288X/34",
}


%%%%%%%%%%%%%%%%%%%%%%%%%%%%%%%%%%%%%%%%%%%%%%%%%%%%%%%%%%%%%%%%%%%%%%%%%%%%%%%%
%                                      BOOKS
@book{MATLAB-Buch,
	title = {MATLAB - Simulink - Stateflow: Grundlagen, Toolboxen, Beispiele},
	Author = {{Angermann, Beuschel, Rau und Wohlfarth}},
	address = {München},
	publisher = {Oldenbourg},
	year = {2009},
	edition = {6., aktualis. Aufl.},
	ISBN = {978-3-486-58985-6},
	size = {XIV, 504 S. : Ill., graph. Darst. ; 1 CD-ROM (12 cm)},
	keywords = {MATLAB 7.7 ; Stateflow ; SIMULINK ; MATLAB (Computer
			program) / Computer simulation / Stateflow (Computer
				program) / Simulink (Computer program)},
	URL = {http://d-nb.info/994817517/04},
}
@book{java,
	Title = {Konzepte Objektorientierter Programmierung: Mit Einer
		Einführung in Java},
	Author = {Poetzsch-Heffter, Arnd},
	address = {Berlin},
	publisher = {Springer},
	year = {2009},
	ISBN = {9783540894704}
}
@book{python,
	title = "Objektorientierte Programmierung mit Python 3. Einstieg,
	Praxis, professionelle Anwendung",
	edition = "4., aktualisierte Aufl.",
	author = "Weigend, Michael",
	publisher = "mitp-Verl.",
	address = "Heidelberg u.a.",
	year = "2010",
	isbn = "9783826617508",
	type = "text",
	howpublished = "Buch",
	url = "http://www.gbv.de/dms/ilmenau/toc/571180612.PDF",
}
@book{OOP,
	title = "Objektorientierte Programmierung. das umfassende Handbuch",
	series = "Galileo computing",
	edition = "2., aktualisierte und erw. Aufl.",
	author = {{Bernhard Lahres  und Gregor Rayman}},
	publisher = "Galileo Press",
	address = "Bonn",
	year = "2009",
	isbn = "9783836214018",
	type = "text",
	howpublished = "Buch",
	url = "http://www.gbv.de/dms/ilmenau/toc/590301497.PDF"
}
@book{kauffeld,
	title = "Stand der Technik von Supermarktkälteanlagen. Umwelteinfluss
		und Entwicklungspotential",
	author = "Kauffeld, Michael",
	year = "2008",
	type = "text",
	howpublished = "Buch"
}
@book{pepperOOP,
	title={Programmieren lernen: Eine grundlegende Einf{\\"u}hrung mit Java},
	author={Pepper, P.},
	isbn={9783540723639},
	url={http://books.google.de/books?id=0R7cMEVn9HgC},
	year={2008},
	publisher={Springer}
}

%%%%%%%%%%%%%%%%%%%%%%%%%%%%%%%%%%%%%%%%%%%%%%%%%%%%%%%%%%%%%%%%%%%%%%%%%%%%%%%%
%                                      PAPERS
@article{TAB_A1,
	Author = {{Risto Ciconkov und Arnd Hilligweg}},
	Journal = {Technik im Bau, Fachzeitschrift für Technische
		Gebäudeausrüstung},
	Number = {3},
	Pages = {64-70},
	Title = {{Simulationsprogramme für Kälteanlagen Einsatz in Ausbildung
		und Praxis}},
	Volume = {77},
	Year = {2004}
}
@article{australia,
	Author = {Sean McGowan},
	Journal = {HVAC\&R Nation},
	Pages = {8-9},
	Title = {{Supermarket refrigeration going natural}},
	Year = {2007}
}
@article{regelung,
	Author = {Martin Kleimaier},
	Journal = {Energy 2.0},
	Volume = {1},
	Number = {7},
	Pages = {45-47},
	Title = {{Netzintegration von Strom aus erneuerbaren Energiequellen:
		Zunehmende dezentrale Einspeisung erfordert eine Umrüstung der
			Netze}},
	Howpublished = {url: \url{http://www.energy20.net/pi/index.php?storyid=430&issueid=141631}~},
	Year = {2008}
}
@article{solarvorhersagung,
	author = {Lorenz, Elke and Hurka, Johannes and Heinemann, Detlev},
	title = {Solarleistungsvorhersage zur Netzintegration von Solarstrom},
	journal = {24. Symposium Photovoltaische Solarenergie : 04. - 06. M\"arz
		2009, Kloster Banz, Bad Staffelstein},
	pages = {6},
	Year = {2009}
}
%%%%%%%%%%%%%%%%%%%%%%%%%%%%%%%%%%%%%%%%%%%%%%%%%%%%%%%%%%%%%%%%%%%%%%%%%%%%%%%%
%                                     report
@techreport{leghart,
	author = {F.A.T.M. Ligthart},
	title = {{Untersuchung zur Möglichkeit einer Abdeckung von Kühl- und
		Tiefkühlmobiliar in Supermärkten }},
	institution = {ECN Energy in the Built Environment},
	number = {{ECN-E--08-009}},
	Howpublished = {URL: \url{http://www.energy20.net/pi/index.php?StoryID=430&issueID=141631}~},
	Year = {2008}
}
%%%%%%%%%%%%%%%%%%%%%%%%%%%%%%%%%%%%%%%%%%%%%%%%%%%%%%%%%%%%%%%%%%%%%%%%%%%%%%%%
%                                    WWW
@misc{EANRW,
	Author = {EnergieAgentur.NRW},
	Title = {{Energieeffizienz im Lebensmittel-Einzelhandel}},
	Year = {[Stand: 24. März 2011]},
	Howpublished = {URL: \url{http://www.ea-nrw.de/unternehmen/page.asp?TopCatID=3695&CatID=3721&RubrikID=3743}~}
}
