@book { Ciconkov\_Ein\_modulares\_physikalisches\_M\_2004?,
title = "Ein modulares physikalisches Modell zur Simulation von Kälteanlagen",
series = "Sonderdruck, Teil Nr. 28",
author = "Ciconkov, Risto and Hilligweg, Arnd",
publisher = "Georg-Simon-Ohm-Fachhochsch.",
address = "Nürnberg",
year = "2004?",
isbn = "geh.",
type = "text",
howpublished = "Buch",
location = "2005 B 10632; 2005 B 7754",
note = "Verfasserangabe: Risto Ciconkov ; Arnd Hilligweg. Georg-Simon-Ohm-Fachhochschule, Nürnberg, University of Applied Sciences ; Quelldatenbank: DDB ; Format:marcform: print ; Umfang: 36 S. : graph. Darst., 30 cm"
}